@book{kays2012convective,
  title={Convective heat and mass transfer},
  author={Kays, William Morrow},
  year={2012},
  publisher={Tata McGraw-Hill Education}
}
@article{irrenfried2017dns,
  title={DNS based analytical P-function model for RANS with heat transfer at high Prandtl numbers},
  author={Irrenfried, Christoph and Steiner, Helfried},
  journal={International journal of heat and fluid flow},
  volume={66},
  pages={217--225},
  year={2017},
  publisher={Elsevier}
}
@article{bae2016new,
  title={A new formulation of variable turbulent Prandtl number for heat transfer to supercritical fluids},
  author={Bae, Yoon Y},
  journal={International Journal of Heat and Mass Transfer},
  volume={92},
  pages={792--806},
  year={2016},
  publisher={Elsevier}
}
@article{deng2001near,
  title={A near-wall two-equation heat transfer model for wall turbulent flows},
  author={Deng, Baoqing and Wu, Wenquan and Xi, Shitong},
  journal={International journal of heat and mass transfer},
  volume={44},
  number={4},
  pages={691--698},
  year={2001},
  publisher={Elsevier}
}
@article{abe1992improved,
  title={An improved k-$\varepsilon$ model for prediction of turbulent flows with separation and reattachment},
  author={Abe, Ken-Ichi and Nagano, Yasutaka and Kondoh, Tsuguo},
  journal={Nihon Kikai Gakkai Ronbunshu, B Hen/Transactions of the Japan Society of Mechanical Engineers, Part B},
  volume={58},
  number={554},
  pages={3003--3010},
  year={1992},
  publisher={The Japan Society of Mechanical Engineers}
}
@inproceedings{spalart1992one,
  title={A one-equation turbulence model for aerodynamic flows},
  author={Spalart, Philippe and Allmaras, Steven},
  booktitle={30th aerospace sciences meeting and exhibit},
  pages={439},
  year={1992}
}
@article{myong1990new,
  title={A new approach to the improvement of k-$\varepsilon$ turbulence model for wall-bounded shear flows},
  author={Myong, Hyon Kook and Kasagi, Nobuhide},
  journal={JSME international journal. Ser. 2, Fluids engineering, heat transfer, power, combustion, thermophysical properties},
  volume={33},
  number={1},
  pages={63--72},
  year={1990},
  publisher={The Japan Society of Mechanical Engineers}
}
@article{durbin1995separated,
  title={Separated flow computations with the k-epsilon-v-squared model},
  author={Durbin, Paul A},
  journal={AIAA journal},
  volume={33},
  number={4},
  pages={659--664},
  year={1995}
}
@misc{ Nobody06,
       author = "Nobody Jr",
       title = "My Article",
       year = "2006" }

@article{ahu61,
   author={Arrow, Kenneth J. and Leonid Hurwicz and Hirofumi Uzawa},
   title={Constraint qualifications in maximization problems},
   journal={Naval Research Logistics Quarterly},
   volume={8},
   year=1961,
   pages={175-191}
}

@book{ab94,
   author* = {Charalambos D. Aliprantis and Kim C. Border},
   year = {1994},
   title = {Infinite Dimensional Analysis},
   publisher = {Springer},
   address = {Berlin}
}
